@article{Ontanon13Survey,
  author    = {Santiago Onta{\~{n}}{\'{o}}n and
               Gabriel Synnaeve and
               Alberto Uriarte and
               Florian Richoux and
               David Churchill and
               Mike Preuss},
  title     = {A Survey of Real-Time Strategy Game {AI} Research and Competition
               in StarCraft},
  journal   = {{IEEE} Trans. Comput. Intellig. and {AI} in Games},
  volume    = {5},
  number    = {4},
  pages     = {293--311},
  year      = {2013},
  url       = {https://doi.org/10.1109/TCIAIG.2013.2286295},
  doi       = {10.1109/TCIAIG.2013.2286295},
  timestamp = {Fri, 26 May 2017 22:54:59 +0200},
  biburl    = {https://dblp.org/rec/bib/journals/tciaig/OntanonSURCP13},
  bibsource = {dblp computer science bibliography, https://dblp.org}
}

@book{millington09artificial,
  title={Artificial intelligence for games},
  author={Millington, Ian and Funge, John},
  year={2009},
  publisher={CRC Press}
}



@book{unity17,
  title={Unity 2017 AI Programming},
  author={Raymundo Barrera and Aung Sithu Kyaw and Thet Naing Swe},
  year={2018},
  publisher={Packt Publishing}
}



@inproceedings{MahlmannDTCY10,
  author    = {Tobias Mahlmann and
               Anders Drachen and
               Julian Togelius and
               Alessandro Canossa and
               Georgios N. Yannakakis},
  title     = {Predicting player behavior in Tomb Raider: Underworld},
  booktitle = {Proceedings of the 2010 {IEEE} Conference on Computational Intelligence
               and Games, {CIG} 2010, Copenhagen, Denmark, 18-21 August, 2010},
  pages     = {178--185},
  editor    = {Georgios N. Yannakakis and
               Julian Togelius},
  publisher = {{IEEE}},
  year      = {2010},
}

